%YAML 1.1
%TAG !u! tag:unity3d.com,2011:
--- !u!1 &3449654686433999559
GameObject:
  m_ObjectHideFlags: 0
  m_CorrespondingSourceObject: {fileID: 0}
  m_PrefabInstance: {fileID: 0}
  m_PrefabAsset: {fileID: 0}
  serializedVersion: 6
  m_Component:
  - component: {fileID: 3449654686433999554}
  - component: {fileID: 3449654686433999555}
  - component: {fileID: 3449654686433999553}
  - component: {fileID: 3449654686433999558}
  - component: {fileID: 7758091423149303185}
  - component: {fileID: 3449654687013183242}
  - component: {fileID: 3449654687013183235}
  - component: {fileID: 3449654687013183234}
  - component: {fileID: 1637008225507817658}
  - component: {fileID: 8359097401110872764}
  - component: {fileID: 4390473680485322675}
  m_Layer: 0
  m_Name: RocketPart_2
  m_TagString: Resource
  m_Icon: {fileID: 0}
  m_NavMeshLayer: 0
  m_StaticEditorFlags: 0
  m_IsActive: 1
--- !u!4 &3449654686433999554
Transform:
  m_ObjectHideFlags: 0
  m_CorrespondingSourceObject: {fileID: 0}
  m_PrefabInstance: {fileID: 0}
  m_PrefabAsset: {fileID: 0}
  m_GameObject: {fileID: 3449654686433999559}
  m_LocalRotation: {x: 0, y: 0, z: 0, w: 1}
  m_LocalPosition: {x: -9.41, y: 5.75, z: -37.66}
  m_LocalScale: {x: 1, y: 1, z: 1}
  m_Children: []
  m_Father: {fileID: 0}
  m_RootOrder: 0
  m_LocalEulerAnglesHint: {x: 0, y: 0, z: 0}
--- !u!33 &3449654686433999555
MeshFilter:
  m_ObjectHideFlags: 0
  m_CorrespondingSourceObject: {fileID: 0}
  m_PrefabInstance: {fileID: 0}
  m_PrefabAsset: {fileID: 0}
  m_GameObject: {fileID: 3449654686433999559}
  m_Mesh: {fileID: -4959671573099686825, guid: e06cae59607dcfc428360b11395cb30a, type: 3}
--- !u!135 &3449654686433999553
SphereCollider:
  m_ObjectHideFlags: 0
  m_CorrespondingSourceObject: {fileID: 0}
  m_PrefabInstance: {fileID: 0}
  m_PrefabAsset: {fileID: 0}
  m_GameObject: {fileID: 3449654686433999559}
  m_Material: {fileID: 0}
  m_IsTrigger: 1
  m_Enabled: 1
  serializedVersion: 2
  m_Radius: 2
  m_Center: {x: 0, y: 0, z: 0}
--- !u!54 &3449654686433999558
Rigidbody:
  m_ObjectHideFlags: 0
  m_CorrespondingSourceObject: {fileID: 0}
  m_PrefabInstance: {fileID: 0}
  m_PrefabAsset: {fileID: 0}
  m_GameObject: {fileID: 3449654686433999559}
  serializedVersion: 2
  m_Mass: 1
  m_Drag: 0
  m_AngularDrag: 0.05
  m_UseGravity: 1
  m_IsKinematic: 0
  m_Interpolate: 0
  m_Constraints: 0
  m_CollisionDetection: 0
--- !u!114 &7758091423149303185
MonoBehaviour:
  m_ObjectHideFlags: 0
  m_CorrespondingSourceObject: {fileID: 0}
  m_PrefabInstance: {fileID: 0}
  m_PrefabAsset: {fileID: 0}
  m_GameObject: {fileID: 3449654686433999559}
  m_Enabled: 1
  m_EditorHideFlags: 0
  m_Script: {fileID: 11500000, guid: d00fc3363e633724f8d0e7c8f21f7a61, type: 3}
  m_Name: 
  m_EditorClassIdentifier: 
  ObjectToDetect:
  - NPC
  NPCInRange: []
  ExistingObjects: []
  StartTimer: 0
  Timer: 5
  PointOnItSlider: 10
  GizmoIsActive: 0
--- !u!114 &3449654687013183242
MonoBehaviour:
  m_ObjectHideFlags: 0
  m_CorrespondingSourceObject: {fileID: 0}
  m_PrefabInstance: {fileID: 0}
  m_PrefabAsset: {fileID: 0}
  m_GameObject: {fileID: 3449654686433999559}
  m_Enabled: 1
  m_EditorHideFlags: 0
  m_Script: {fileID: 11500000, guid: 20824bf60c4c18d40a5525f3f040c13c, type: 3}
  m_Name: 
  m_EditorClassIdentifier: 
  objectScanSprite: {fileID: 21300000, guid: 93346e5d9caaeba4dab963f01f142719, type: 3}
  objectScanDescription: This is the right back winglet! The titanium-neutronium Alloy
    coating preventet the Smith Individual form melting it down. The Paint has been
    slightly scratched off but optics are for aerodynamics secondary. You should be
    able to convince the Smith to let you have it.
  range: 4.5
  droneObj: {fileID: 0}
  onScanEvent:
    m_PersistentCalls:
      m_Calls: []
    m_TypeName: UnityEngine.Events.UnityEvent, UnityEngine.CoreModule, Version=0.0.0.0,
      Culture=neutral, PublicKeyToken=null
--- !u!114 &3449654687013183235
MonoBehaviour:
  m_ObjectHideFlags: 0
  m_CorrespondingSourceObject: {fileID: 0}
  m_PrefabInstance: {fileID: 0}
  m_PrefabAsset: {fileID: 0}
  m_GameObject: {fileID: 3449654686433999559}
  m_Enabled: 1
  m_EditorHideFlags: 0
  m_Script: {fileID: 11500000, guid: 1bef45e7853f4484094004313d6188d7, type: 3}
  m_Name: 
  m_EditorClassIdentifier: 
  PointOnIt:
  - {fileID: 11400000, guid: b9ed0112b1c15df45bae4961546cd23d, type: 2}
  onPoint:
    m_PersistentCalls:
      m_Calls: []
    m_TypeName: UnityEngine.Events.UnityEvent, UnityEngine.CoreModule, Version=0.0.0.0,
      Culture=neutral, PublicKeyToken=null
--- !u!114 &3449654687013183234
MonoBehaviour:
  m_ObjectHideFlags: 0
  m_CorrespondingSourceObject: {fileID: 0}
  m_PrefabInstance: {fileID: 0}
  m_PrefabAsset: {fileID: 0}
  m_GameObject: {fileID: 3449654686433999559}
  m_Enabled: 1
  m_EditorHideFlags: 0
  m_Script: {fileID: 11500000, guid: a556fa11fcf8e8e4fbb2d3257d9abe5c, type: 3}
  m_Name: 
  m_EditorClassIdentifier: 
  hasDialoge: 0
  hasDetection: 0
  hasScanData: 0
--- !u!114 &1637008225507817658
MonoBehaviour:
  m_ObjectHideFlags: 0
  m_CorrespondingSourceObject: {fileID: 0}
  m_PrefabInstance: {fileID: 0}
  m_PrefabAsset: {fileID: 0}
  m_GameObject: {fileID: 3449654686433999559}
  m_Enabled: 1
  m_EditorHideFlags: 0
  m_Script: {fileID: 11500000, guid: 5e1aefd59cb5b4043a9184d3144c3c25, type: 3}
  m_Name: 
  m_EditorClassIdentifier: 
  discorverPattern: {fileID: 0}
  discoverSymbol:
  - {fileID: 11400000, guid: b9ed0112b1c15df45bae4961546cd23d, type: 2}
  isOnTrigger: 0
  isOnMouseDown: 0
  gameLogic: {fileID: 0}
--- !u!23 &8359097401110872764
MeshRenderer:
  m_ObjectHideFlags: 0
  m_CorrespondingSourceObject: {fileID: 0}
  m_PrefabInstance: {fileID: 0}
  m_PrefabAsset: {fileID: 0}
  m_GameObject: {fileID: 3449654686433999559}
  m_Enabled: 1
  m_CastShadows: 1
  m_ReceiveShadows: 1
  m_DynamicOccludee: 1
  m_MotionVectors: 1
  m_LightProbeUsage: 1
  m_ReflectionProbeUsage: 1
  m_RenderingLayerMask: 1
  m_RendererPriority: 0
  m_Materials:
  - {fileID: 2100000, guid: ccfb1e0fdd05ddf448161f0e809b0ad7, type: 2}
  m_StaticBatchInfo:
    firstSubMesh: 0
    subMeshCount: 0
  m_StaticBatchRoot: {fileID: 0}
  m_ProbeAnchor: {fileID: 0}
  m_LightProbeVolumeOverride: {fileID: 0}
  m_ScaleInLightmap: 1
  m_PreserveUVs: 0
  m_IgnoreNormalsForChartDetection: 0
  m_ImportantGI: 0
  m_StitchLightmapSeams: 1
  m_SelectedEditorRenderState: 3
  m_MinimumChartSize: 4
  m_AutoUVMaxDistance: 0.5
  m_AutoUVMaxAngle: 89
  m_LightmapParameters: {fileID: 0}
  m_SortingLayerID: 0
  m_SortingLayer: 0
  m_SortingOrder: 0
--- !u!64 &4390473680485322675
MeshCollider:
  m_ObjectHideFlags: 0
  m_CorrespondingSourceObject: {fileID: 0}
  m_PrefabInstance: {fileID: 0}
  m_PrefabAsset: {fileID: 0}
  m_GameObject: {fileID: 3449654686433999559}
  m_Material: {fileID: 0}
  m_IsTrigger: 0
  m_Enabled: 1
  serializedVersion: 3
  m_Convex: 1
  m_CookingOptions: 14
  m_Mesh: {fileID: -4959671573099686825, guid: e06cae59607dcfc428360b11395cb30a, type: 3}
