%YAML 1.1
%TAG !u! tag:unity3d.com,2011:
--- !u!1 &86736465786106060
GameObject:
  m_ObjectHideFlags: 0
  m_CorrespondingSourceObject: {fileID: 0}
  m_PrefabInstance: {fileID: 0}
  m_PrefabAsset: {fileID: 0}
  serializedVersion: 6
  m_Component:
  - component: {fileID: 4483924532898919566}
  m_Layer: 0
  m_Name: Gruppe_Pipeplant
  m_TagString: Untagged
  m_Icon: {fileID: 0}
  m_NavMeshLayer: 0
  m_StaticEditorFlags: 0
  m_IsActive: 1
--- !u!4 &4483924532898919566
Transform:
  m_ObjectHideFlags: 0
  m_CorrespondingSourceObject: {fileID: 0}
  m_PrefabInstance: {fileID: 0}
  m_PrefabAsset: {fileID: 0}
  m_GameObject: {fileID: 86736465786106060}
  m_LocalRotation: {x: -0, y: -0.401268, z: -0, w: 0.9159607}
  m_LocalPosition: {x: -175.8, y: 4.18, z: -62.45}
  m_LocalScale: {x: 1, y: 1, z: 1}
  m_Children:
  - {fileID: 5807210262271802825}
  - {fileID: 4452177908092837917}
  - {fileID: 7002807561770015493}
  m_Father: {fileID: 0}
  m_RootOrder: 0
  m_LocalEulerAnglesHint: {x: 0, y: 0, z: 0}
--- !u!114 &5884130292051538598
MonoBehaviour:
  m_ObjectHideFlags: 0
  m_CorrespondingSourceObject: {fileID: 0}
  m_PrefabInstance: {fileID: 0}
  m_PrefabAsset: {fileID: 0}
  m_GameObject: {fileID: 4452177908092837918}
  m_Enabled: 1
  m_EditorHideFlags: 0
  m_Script: {fileID: 11500000, guid: d00fc3363e633724f8d0e7c8f21f7a61, type: 3}
  m_Name: 
  m_EditorClassIdentifier: 
  ObjectToDetect:
  - NPC
  NPCInRange: []
  ExistingObjects: []
  StartTimer: 0
  Timer: 5
  PointOnItSlider: 10
  GizmoIsActive: 1
--- !u!114 &7678305997713868018
MonoBehaviour:
  m_ObjectHideFlags: 0
  m_CorrespondingSourceObject: {fileID: 0}
  m_PrefabInstance: {fileID: 0}
  m_PrefabAsset: {fileID: 0}
  m_GameObject: {fileID: 4452177908092837918}
  m_Enabled: 1
  m_EditorHideFlags: 0
  m_Script: {fileID: 11500000, guid: 1bef45e7853f4484094004313d6188d7, type: 3}
  m_Name: 
  m_EditorClassIdentifier: 
  PointOnIt:
  - {fileID: 11400000, guid: e12cddb815a1b1d4bbbf77a4e415e552, type: 2}
  onPoint:
    m_PersistentCalls:
      m_Calls: []
    m_TypeName: UnityEngine.Events.UnityEvent, UnityEngine.CoreModule, Version=0.0.0.0,
      Culture=neutral, PublicKeyToken=null
--- !u!114 &61361053171594946
MonoBehaviour:
  m_ObjectHideFlags: 0
  m_CorrespondingSourceObject: {fileID: 0}
  m_PrefabInstance: {fileID: 0}
  m_PrefabAsset: {fileID: 0}
  m_GameObject: {fileID: 5807210262271802826}
  m_Enabled: 1
  m_EditorHideFlags: 0
  m_Script: {fileID: 11500000, guid: 1bef45e7853f4484094004313d6188d7, type: 3}
  m_Name: 
  m_EditorClassIdentifier: 
  PointOnIt:
  - {fileID: 11400000, guid: e12cddb815a1b1d4bbbf77a4e415e552, type: 2}
  onPoint:
    m_PersistentCalls:
      m_Calls: []
    m_TypeName: UnityEngine.Events.UnityEvent, UnityEngine.CoreModule, Version=0.0.0.0,
      Culture=neutral, PublicKeyToken=null
--- !u!114 &8726352245774495020
MonoBehaviour:
  m_ObjectHideFlags: 0
  m_CorrespondingSourceObject: {fileID: 0}
  m_PrefabInstance: {fileID: 0}
  m_PrefabAsset: {fileID: 0}
  m_GameObject: {fileID: 5807210262271802826}
  m_Enabled: 1
  m_EditorHideFlags: 0
  m_Script: {fileID: 11500000, guid: d00fc3363e633724f8d0e7c8f21f7a61, type: 3}
  m_Name: 
  m_EditorClassIdentifier: 
  ObjectToDetect:
  - NPC
  NPCInRange: []
  ExistingObjects: []
  StartTimer: 0
  Timer: 5
  PointOnItSlider: 10
  GizmoIsActive: 1
--- !u!114 &1527596673142581715
MonoBehaviour:
  m_ObjectHideFlags: 0
  m_CorrespondingSourceObject: {fileID: 0}
  m_PrefabInstance: {fileID: 0}
  m_PrefabAsset: {fileID: 0}
  m_GameObject: {fileID: 7002807561770015494}
  m_Enabled: 1
  m_EditorHideFlags: 0
  m_Script: {fileID: 11500000, guid: d00fc3363e633724f8d0e7c8f21f7a61, type: 3}
  m_Name: 
  m_EditorClassIdentifier: 
  ObjectToDetect:
  - NPC
  NPCInRange: []
  ExistingObjects: []
  StartTimer: 0
  Timer: 5
  PointOnItSlider: 10
  GizmoIsActive: 1
--- !u!114 &5842898419781663201
MonoBehaviour:
  m_ObjectHideFlags: 0
  m_CorrespondingSourceObject: {fileID: 0}
  m_PrefabInstance: {fileID: 0}
  m_PrefabAsset: {fileID: 0}
  m_GameObject: {fileID: 7002807561770015494}
  m_Enabled: 1
  m_EditorHideFlags: 0
  m_Script: {fileID: 11500000, guid: 1bef45e7853f4484094004313d6188d7, type: 3}
  m_Name: 
  m_EditorClassIdentifier: 
  PointOnIt:
  - {fileID: 11400000, guid: e12cddb815a1b1d4bbbf77a4e415e552, type: 2}
  onPoint:
    m_PersistentCalls:
      m_Calls: []
    m_TypeName: UnityEngine.Events.UnityEvent, UnityEngine.CoreModule, Version=0.0.0.0,
      Culture=neutral, PublicKeyToken=null
--- !u!1001 &4452177908274060090
PrefabInstance:
  m_ObjectHideFlags: 0
  serializedVersion: 2
  m_Modification:
    m_TransformParent: {fileID: 4483924532898919566}
    m_Modifications:
    - target: {fileID: 187923236, guid: 6bb6888955a738f4a8a17aa984b2da83, type: 3}
      propertyPath: m_Name
      value: Rohrpflanze_klein (3)
      objectReference: {fileID: 0}
    - target: {fileID: 187923236, guid: 6bb6888955a738f4a8a17aa984b2da83, type: 3}
      propertyPath: m_StaticEditorFlags
      value: 8
      objectReference: {fileID: 0}
    - target: {fileID: 187923239, guid: 6bb6888955a738f4a8a17aa984b2da83, type: 3}
      propertyPath: m_LocalPosition.x
      value: 10.678051
      objectReference: {fileID: 0}
    - target: {fileID: 187923239, guid: 6bb6888955a738f4a8a17aa984b2da83, type: 3}
      propertyPath: m_LocalPosition.y
      value: 0
      objectReference: {fileID: 0}
    - target: {fileID: 187923239, guid: 6bb6888955a738f4a8a17aa984b2da83, type: 3}
      propertyPath: m_LocalPosition.z
      value: 13.705851
      objectReference: {fileID: 0}
    - target: {fileID: 187923239, guid: 6bb6888955a738f4a8a17aa984b2da83, type: 3}
      propertyPath: m_LocalRotation.x
      value: -0
      objectReference: {fileID: 0}
    - target: {fileID: 187923239, guid: 6bb6888955a738f4a8a17aa984b2da83, type: 3}
      propertyPath: m_LocalRotation.y
      value: 0.40140337
      objectReference: {fileID: 0}
    - target: {fileID: 187923239, guid: 6bb6888955a738f4a8a17aa984b2da83, type: 3}
      propertyPath: m_LocalRotation.z
      value: -0
      objectReference: {fileID: 0}
    - target: {fileID: 187923239, guid: 6bb6888955a738f4a8a17aa984b2da83, type: 3}
      propertyPath: m_LocalRotation.w
      value: 0.9159014
      objectReference: {fileID: 0}
    - target: {fileID: 187923239, guid: 6bb6888955a738f4a8a17aa984b2da83, type: 3}
      propertyPath: m_RootOrder
      value: 1
      objectReference: {fileID: 0}
    - target: {fileID: 187923239, guid: 6bb6888955a738f4a8a17aa984b2da83, type: 3}
      propertyPath: m_LocalEulerAnglesHint.x
      value: 0
      objectReference: {fileID: 0}
    - target: {fileID: 187923239, guid: 6bb6888955a738f4a8a17aa984b2da83, type: 3}
      propertyPath: m_LocalEulerAnglesHint.y
      value: 0.017
      objectReference: {fileID: 0}
    - target: {fileID: 187923239, guid: 6bb6888955a738f4a8a17aa984b2da83, type: 3}
      propertyPath: m_LocalEulerAnglesHint.z
      value: 0
      objectReference: {fileID: 0}
    - target: {fileID: 187923239, guid: 6bb6888955a738f4a8a17aa984b2da83, type: 3}
      propertyPath: m_LocalScale.x
      value: 1
      objectReference: {fileID: 0}
    - target: {fileID: 187923239, guid: 6bb6888955a738f4a8a17aa984b2da83, type: 3}
      propertyPath: m_LocalScale.y
      value: 1
      objectReference: {fileID: 0}
    - target: {fileID: 187923239, guid: 6bb6888955a738f4a8a17aa984b2da83, type: 3}
      propertyPath: m_LocalScale.z
      value: 1
      objectReference: {fileID: 0}
    - target: {fileID: 187923238, guid: 6bb6888955a738f4a8a17aa984b2da83, type: 3}
      propertyPath: m_Mesh
      value: 
      objectReference: {fileID: -3071718249050785883, guid: 9536149e84065a946a95d210d3eb5fca,
        type: 3}
    - target: {fileID: 187923237, guid: 6bb6888955a738f4a8a17aa984b2da83, type: 3}
      propertyPath: m_RenderingLayerMask
      value: 1
      objectReference: {fileID: 0}
    - target: {fileID: 717005480, guid: 6bb6888955a738f4a8a17aa984b2da83, type: 3}
      propertyPath: m_Height
      value: 7.1372848
      objectReference: {fileID: 0}
    - target: {fileID: 717005480, guid: 6bb6888955a738f4a8a17aa984b2da83, type: 3}
      propertyPath: m_Center.y
      value: 3.388396
      objectReference: {fileID: 0}
    - target: {fileID: 717005480, guid: 6bb6888955a738f4a8a17aa984b2da83, type: 3}
      propertyPath: m_Radius
      value: 1.5
      objectReference: {fileID: 0}
    - target: {fileID: 717005480, guid: 6bb6888955a738f4a8a17aa984b2da83, type: 3}
      propertyPath: m_IsTrigger
      value: 1
      objectReference: {fileID: 0}
    - target: {fileID: 5930710893383863032, guid: 6bb6888955a738f4a8a17aa984b2da83,
        type: 3}
      propertyPath: range
      value: 5
      objectReference: {fileID: 0}
    m_RemovedComponents: []
  m_SourcePrefab: {fileID: 100100000, guid: 6bb6888955a738f4a8a17aa984b2da83, type: 3}
--- !u!1 &4452177908092837918 stripped
GameObject:
  m_CorrespondingSourceObject: {fileID: 187923236, guid: 6bb6888955a738f4a8a17aa984b2da83,
    type: 3}
  m_PrefabInstance: {fileID: 4452177908274060090}
  m_PrefabAsset: {fileID: 0}
--- !u!4 &4452177908092837917 stripped
Transform:
  m_CorrespondingSourceObject: {fileID: 187923239, guid: 6bb6888955a738f4a8a17aa984b2da83,
    type: 3}
  m_PrefabInstance: {fileID: 4452177908274060090}
  m_PrefabAsset: {fileID: 0}
--- !u!1001 &5807210262386034414
PrefabInstance:
  m_ObjectHideFlags: 0
  serializedVersion: 2
  m_Modification:
    m_TransformParent: {fileID: 4483924532898919566}
    m_Modifications:
    - target: {fileID: 187923236, guid: 6bb6888955a738f4a8a17aa984b2da83, type: 3}
      propertyPath: m_Name
      value: Rohrpflanze (11)
      objectReference: {fileID: 0}
    - target: {fileID: 187923236, guid: 6bb6888955a738f4a8a17aa984b2da83, type: 3}
      propertyPath: m_StaticEditorFlags
      value: 0
      objectReference: {fileID: 0}
    - target: {fileID: 187923239, guid: 6bb6888955a738f4a8a17aa984b2da83, type: 3}
      propertyPath: m_LocalPosition.x
      value: 8.771486
      objectReference: {fileID: 0}
    - target: {fileID: 187923239, guid: 6bb6888955a738f4a8a17aa984b2da83, type: 3}
      propertyPath: m_LocalPosition.y
      value: 1.000246
      objectReference: {fileID: 0}
    - target: {fileID: 187923239, guid: 6bb6888955a738f4a8a17aa984b2da83, type: 3}
      propertyPath: m_LocalPosition.z
      value: 16.41651
      objectReference: {fileID: 0}
    - target: {fileID: 187923239, guid: 6bb6888955a738f4a8a17aa984b2da83, type: 3}
      propertyPath: m_LocalRotation.x
      value: -0
      objectReference: {fileID: 0}
    - target: {fileID: 187923239, guid: 6bb6888955a738f4a8a17aa984b2da83, type: 3}
      propertyPath: m_LocalRotation.y
      value: 0.9593251
      objectReference: {fileID: 0}
    - target: {fileID: 187923239, guid: 6bb6888955a738f4a8a17aa984b2da83, type: 3}
      propertyPath: m_LocalRotation.z
      value: -0
      objectReference: {fileID: 0}
    - target: {fileID: 187923239, guid: 6bb6888955a738f4a8a17aa984b2da83, type: 3}
      propertyPath: m_LocalRotation.w
      value: -0.28230363
      objectReference: {fileID: 0}
    - target: {fileID: 187923239, guid: 6bb6888955a738f4a8a17aa984b2da83, type: 3}
      propertyPath: m_RootOrder
      value: 0
      objectReference: {fileID: 0}
    - target: {fileID: 187923239, guid: 6bb6888955a738f4a8a17aa984b2da83, type: 3}
      propertyPath: m_LocalEulerAnglesHint.x
      value: 0
      objectReference: {fileID: 0}
    - target: {fileID: 187923239, guid: 6bb6888955a738f4a8a17aa984b2da83, type: 3}
      propertyPath: m_LocalEulerAnglesHint.y
      value: 165.481
      objectReference: {fileID: 0}
    - target: {fileID: 187923239, guid: 6bb6888955a738f4a8a17aa984b2da83, type: 3}
      propertyPath: m_LocalEulerAnglesHint.z
      value: 0
      objectReference: {fileID: 0}
    - target: {fileID: 187923237, guid: 6bb6888955a738f4a8a17aa984b2da83, type: 3}
      propertyPath: m_RenderingLayerMask
      value: 1
      objectReference: {fileID: 0}
    - target: {fileID: 717005480, guid: 6bb6888955a738f4a8a17aa984b2da83, type: 3}
      propertyPath: m_IsTrigger
      value: 1
      objectReference: {fileID: 0}
    - target: {fileID: 5930710893383863032, guid: 6bb6888955a738f4a8a17aa984b2da83,
        type: 3}
      propertyPath: range
      value: 6
      objectReference: {fileID: 0}
    m_RemovedComponents: []
  m_SourcePrefab: {fileID: 100100000, guid: 6bb6888955a738f4a8a17aa984b2da83, type: 3}
--- !u!1 &5807210262271802826 stripped
GameObject:
  m_CorrespondingSourceObject: {fileID: 187923236, guid: 6bb6888955a738f4a8a17aa984b2da83,
    type: 3}
  m_PrefabInstance: {fileID: 5807210262386034414}
  m_PrefabAsset: {fileID: 0}
--- !u!4 &5807210262271802825 stripped
Transform:
  m_CorrespondingSourceObject: {fileID: 187923239, guid: 6bb6888955a738f4a8a17aa984b2da83,
    type: 3}
  m_PrefabInstance: {fileID: 5807210262386034414}
  m_PrefabAsset: {fileID: 0}
--- !u!1001 &7002807561649643554
PrefabInstance:
  m_ObjectHideFlags: 0
  serializedVersion: 2
  m_Modification:
    m_TransformParent: {fileID: 4483924532898919566}
    m_Modifications:
    - target: {fileID: 187923236, guid: 6bb6888955a738f4a8a17aa984b2da83, type: 3}
      propertyPath: m_Name
      value: Rohrpflanze_klein (2)
      objectReference: {fileID: 0}
    - target: {fileID: 187923236, guid: 6bb6888955a738f4a8a17aa984b2da83, type: 3}
      propertyPath: m_StaticEditorFlags
      value: 8
      objectReference: {fileID: 0}
    - target: {fileID: 187923239, guid: 6bb6888955a738f4a8a17aa984b2da83, type: 3}
      propertyPath: m_LocalPosition.x
      value: 7.7618613
      objectReference: {fileID: 0}
    - target: {fileID: 187923239, guid: 6bb6888955a738f4a8a17aa984b2da83, type: 3}
      propertyPath: m_LocalPosition.y
      value: 0
      objectReference: {fileID: 0}
    - target: {fileID: 187923239, guid: 6bb6888955a738f4a8a17aa984b2da83, type: 3}
      propertyPath: m_LocalPosition.z
      value: 13.109399
      objectReference: {fileID: 0}
    - target: {fileID: 187923239, guid: 6bb6888955a738f4a8a17aa984b2da83, type: 3}
      propertyPath: m_LocalRotation.x
      value: -0
      objectReference: {fileID: 0}
    - target: {fileID: 187923239, guid: 6bb6888955a738f4a8a17aa984b2da83, type: 3}
      propertyPath: m_LocalRotation.y
      value: 0.6756189
      objectReference: {fileID: 0}
    - target: {fileID: 187923239, guid: 6bb6888955a738f4a8a17aa984b2da83, type: 3}
      propertyPath: m_LocalRotation.z
      value: -0
      objectReference: {fileID: 0}
    - target: {fileID: 187923239, guid: 6bb6888955a738f4a8a17aa984b2da83, type: 3}
      propertyPath: m_LocalRotation.w
      value: 0.7372511
      objectReference: {fileID: 0}
    - target: {fileID: 187923239, guid: 6bb6888955a738f4a8a17aa984b2da83, type: 3}
      propertyPath: m_RootOrder
      value: 2
      objectReference: {fileID: 0}
    - target: {fileID: 187923239, guid: 6bb6888955a738f4a8a17aa984b2da83, type: 3}
      propertyPath: m_LocalEulerAnglesHint.x
      value: 0
      objectReference: {fileID: 0}
    - target: {fileID: 187923239, guid: 6bb6888955a738f4a8a17aa984b2da83, type: 3}
      propertyPath: m_LocalEulerAnglesHint.y
      value: 37.690002
      objectReference: {fileID: 0}
    - target: {fileID: 187923239, guid: 6bb6888955a738f4a8a17aa984b2da83, type: 3}
      propertyPath: m_LocalEulerAnglesHint.z
      value: 0
      objectReference: {fileID: 0}
    - target: {fileID: 187923239, guid: 6bb6888955a738f4a8a17aa984b2da83, type: 3}
      propertyPath: m_LocalScale.x
      value: 1
      objectReference: {fileID: 0}
    - target: {fileID: 187923239, guid: 6bb6888955a738f4a8a17aa984b2da83, type: 3}
      propertyPath: m_LocalScale.y
      value: 1
      objectReference: {fileID: 0}
    - target: {fileID: 187923239, guid: 6bb6888955a738f4a8a17aa984b2da83, type: 3}
      propertyPath: m_LocalScale.z
      value: 1
      objectReference: {fileID: 0}
    - target: {fileID: 187923238, guid: 6bb6888955a738f4a8a17aa984b2da83, type: 3}
      propertyPath: m_Mesh
      value: 
      objectReference: {fileID: -3071718249050785883, guid: 9536149e84065a946a95d210d3eb5fca,
        type: 3}
    - target: {fileID: 187923237, guid: 6bb6888955a738f4a8a17aa984b2da83, type: 3}
      propertyPath: m_RenderingLayerMask
      value: 1
      objectReference: {fileID: 0}
    - target: {fileID: 717005480, guid: 6bb6888955a738f4a8a17aa984b2da83, type: 3}
      propertyPath: m_Radius
      value: 1.5
      objectReference: {fileID: 0}
    - target: {fileID: 717005480, guid: 6bb6888955a738f4a8a17aa984b2da83, type: 3}
      propertyPath: m_Height
      value: 7.065523
      objectReference: {fileID: 0}
    - target: {fileID: 717005480, guid: 6bb6888955a738f4a8a17aa984b2da83, type: 3}
      propertyPath: m_Center.y
      value: 3.3525014
      objectReference: {fileID: 0}
    - target: {fileID: 717005480, guid: 6bb6888955a738f4a8a17aa984b2da83, type: 3}
      propertyPath: m_IsTrigger
      value: 1
      objectReference: {fileID: 0}
    - target: {fileID: 5930710893383863032, guid: 6bb6888955a738f4a8a17aa984b2da83,
        type: 3}
      propertyPath: range
      value: 5
      objectReference: {fileID: 0}
    m_RemovedComponents: []
  m_SourcePrefab: {fileID: 100100000, guid: 6bb6888955a738f4a8a17aa984b2da83, type: 3}
--- !u!1 &7002807561770015494 stripped
GameObject:
  m_CorrespondingSourceObject: {fileID: 187923236, guid: 6bb6888955a738f4a8a17aa984b2da83,
    type: 3}
  m_PrefabInstance: {fileID: 7002807561649643554}
  m_PrefabAsset: {fileID: 0}
--- !u!4 &7002807561770015493 stripped
Transform:
  m_CorrespondingSourceObject: {fileID: 187923239, guid: 6bb6888955a738f4a8a17aa984b2da83,
    type: 3}
  m_PrefabInstance: {fileID: 7002807561649643554}
  m_PrefabAsset: {fileID: 0}
