%YAML 1.1
%TAG !u! tag:unity3d.com,2011:
--- !u!1 &1047469141733815320
GameObject:
  m_ObjectHideFlags: 0
  m_CorrespondingSourceObject: {fileID: 0}
  m_PrefabInstance: {fileID: 0}
  m_PrefabAsset: {fileID: 0}
  serializedVersion: 6
  m_Component:
  - component: {fileID: 4094337736753595915}
  - component: {fileID: 5010541306785823805}
  - component: {fileID: 1636369821566763204}
  - component: {fileID: 6104445082127055755}
  - component: {fileID: 9054927125014044083}
  - component: {fileID: 656049446746904849}
  - component: {fileID: 3085164127364446700}
  - component: {fileID: 2235267427393835973}
  - component: {fileID: 7350047666421200283}
  - component: {fileID: 6977206166963094937}
  m_Layer: 0
  m_Name: "H\xFCtte"
  m_TagString: Untagged
  m_Icon: {fileID: 0}
  m_NavMeshLayer: 0
  m_StaticEditorFlags: 10
  m_IsActive: 1
--- !u!4 &4094337736753595915
Transform:
  m_ObjectHideFlags: 0
  m_CorrespondingSourceObject: {fileID: 0}
  m_PrefabInstance: {fileID: 0}
  m_PrefabAsset: {fileID: 0}
  m_GameObject: {fileID: 1047469141733815320}
  m_LocalRotation: {x: -0, y: -0.13001004, z: -0, w: 0.99151266}
  m_LocalPosition: {x: 0, y: 0, z: 0}
  m_LocalScale: {x: 1, y: 1, z: 1}
  m_Children: []
  m_Father: {fileID: 0}
  m_RootOrder: 0
  m_LocalEulerAnglesHint: {x: 0, y: -14.940001, z: 0}
--- !u!33 &5010541306785823805
MeshFilter:
  m_ObjectHideFlags: 0
  m_CorrespondingSourceObject: {fileID: 0}
  m_PrefabInstance: {fileID: 0}
  m_PrefabAsset: {fileID: 0}
  m_GameObject: {fileID: 1047469141733815320}
  m_Mesh: {fileID: 3514323571600032662, guid: 1c3bc60222c556048b6a47f3b7bfcc22, type: 3}
--- !u!23 &1636369821566763204
MeshRenderer:
  m_ObjectHideFlags: 0
  m_CorrespondingSourceObject: {fileID: 0}
  m_PrefabInstance: {fileID: 0}
  m_PrefabAsset: {fileID: 0}
  m_GameObject: {fileID: 1047469141733815320}
  m_Enabled: 1
  m_CastShadows: 1
  m_ReceiveShadows: 1
  m_DynamicOccludee: 1
  m_MotionVectors: 1
  m_LightProbeUsage: 1
  m_ReflectionProbeUsage: 1
  m_RenderingLayerMask: 1
  m_RendererPriority: 0
  m_Materials:
  - {fileID: 2100000, guid: 32e0831ee4a7caa42bce08421161093e, type: 2}
  - {fileID: 2100000, guid: 8c1024237c0c9124b88bc275f9459813, type: 2}
  - {fileID: 2100000, guid: 5dd263e5752f33b488ae5be20613ebc9, type: 2}
  - {fileID: 2100000, guid: aa0607719d585234ca2dc95ba5ab1b07, type: 2}
  m_StaticBatchInfo:
    firstSubMesh: 0
    subMeshCount: 0
  m_StaticBatchRoot: {fileID: 0}
  m_ProbeAnchor: {fileID: 0}
  m_LightProbeVolumeOverride: {fileID: 0}
  m_ScaleInLightmap: 1
  m_PreserveUVs: 0
  m_IgnoreNormalsForChartDetection: 0
  m_ImportantGI: 0
  m_StitchLightmapSeams: 1
  m_SelectedEditorRenderState: 3
  m_MinimumChartSize: 4
  m_AutoUVMaxDistance: 0.5
  m_AutoUVMaxAngle: 89
  m_LightmapParameters: {fileID: 0}
  m_SortingLayerID: 0
  m_SortingLayer: 0
  m_SortingOrder: 0
--- !u!208 &6104445082127055755
NavMeshObstacle:
  m_ObjectHideFlags: 0
  m_CorrespondingSourceObject: {fileID: 0}
  m_PrefabInstance: {fileID: 0}
  m_PrefabAsset: {fileID: 0}
  m_GameObject: {fileID: 1047469141733815320}
  m_Enabled: 1
  serializedVersion: 3
  m_Shape: 0
  m_Extents: {x: 5.933, y: 10, z: 5.933}
  m_MoveThreshold: 0.1
  m_Carve: 1
  m_CarveOnlyStationary: 1
  m_Center: {x: 0, y: 0, z: 0}
  m_TimeToStationary: 0.5
--- !u!135 &9054927125014044083
SphereCollider:
  m_ObjectHideFlags: 0
  m_CorrespondingSourceObject: {fileID: 0}
  m_PrefabInstance: {fileID: 0}
  m_PrefabAsset: {fileID: 0}
  m_GameObject: {fileID: 1047469141733815320}
  m_Material: {fileID: 0}
  m_IsTrigger: 1
  m_Enabled: 1
  serializedVersion: 2
  m_Radius: 5.932527
  m_Center: {x: 0.080543034, y: 0, z: 0}
--- !u!114 &656049446746904849
MonoBehaviour:
  m_ObjectHideFlags: 0
  m_CorrespondingSourceObject: {fileID: 0}
  m_PrefabInstance: {fileID: 0}
  m_PrefabAsset: {fileID: 0}
  m_GameObject: {fileID: 1047469141733815320}
  m_Enabled: 1
  m_EditorHideFlags: 0
  m_Script: {fileID: 11500000, guid: a556fa11fcf8e8e4fbb2d3257d9abe5c, type: 3}
  m_Name: 
  m_EditorClassIdentifier: 
  hasDialoge: 0
  hasDetection: 0
  hasScanData: 0
--- !u!114 &3085164127364446700
MonoBehaviour:
  m_ObjectHideFlags: 0
  m_CorrespondingSourceObject: {fileID: 0}
  m_PrefabInstance: {fileID: 0}
  m_PrefabAsset: {fileID: 0}
  m_GameObject: {fileID: 1047469141733815320}
  m_Enabled: 1
  m_EditorHideFlags: 0
  m_Script: {fileID: 11500000, guid: 20824bf60c4c18d40a5525f3f040c13c, type: 3}
  m_Name: 
  m_EditorClassIdentifier: 
  objectScanSprite: {fileID: 21300000, guid: 7953701d9b449c148bf12750570e25b2, type: 3}
  objectScanDescription: An object made out of woven carbon sticks. It provides shelter
    for up to 6 individuals. Although it's build standards don't compare to human
    habitats it could be considered luxurious for this planet.
  range: 15
  droneObj: {fileID: 0}
  onScanEvent:
    m_PersistentCalls:
      m_Calls: []
    m_TypeName: UnityEngine.Events.UnityEvent, UnityEngine.CoreModule, Version=0.0.0.0,
      Culture=neutral, PublicKeyToken=null
--- !u!114 &2235267427393835973
MonoBehaviour:
  m_ObjectHideFlags: 0
  m_CorrespondingSourceObject: {fileID: 0}
  m_PrefabInstance: {fileID: 0}
  m_PrefabAsset: {fileID: 0}
  m_GameObject: {fileID: 1047469141733815320}
  m_Enabled: 1
  m_EditorHideFlags: 0
  m_Script: {fileID: 11500000, guid: 1bef45e7853f4484094004313d6188d7, type: 3}
  m_Name: 
  m_EditorClassIdentifier: 
  PointOnIt:
  - {fileID: 11400000, guid: 375ce51a52b8c8346a379bf38189bceb, type: 2}
  onPoint:
    m_PersistentCalls:
      m_Calls: []
    m_TypeName: UnityEngine.Events.UnityEvent, UnityEngine.CoreModule, Version=0.0.0.0,
      Culture=neutral, PublicKeyToken=null
--- !u!114 &7350047666421200283
MonoBehaviour:
  m_ObjectHideFlags: 0
  m_CorrespondingSourceObject: {fileID: 0}
  m_PrefabInstance: {fileID: 0}
  m_PrefabAsset: {fileID: 0}
  m_GameObject: {fileID: 1047469141733815320}
  m_Enabled: 1
  m_EditorHideFlags: 0
  m_Script: {fileID: 11500000, guid: d00fc3363e633724f8d0e7c8f21f7a61, type: 3}
  m_Name: 
  m_EditorClassIdentifier: 
  ObjectToDetect:
  - NPC
  NPCInRange: []
  ExistingObjects: []
  StartTimer: 0
  Timer: 5
  PointOnItSlider: 10
  GizmoIsActive: 1
--- !u!114 &6977206166963094937
MonoBehaviour:
  m_ObjectHideFlags: 0
  m_CorrespondingSourceObject: {fileID: 0}
  m_PrefabInstance: {fileID: 0}
  m_PrefabAsset: {fileID: 0}
  m_GameObject: {fileID: 1047469141733815320}
  m_Enabled: 1
  m_EditorHideFlags: 0
  m_Script: {fileID: 11500000, guid: 5e1aefd59cb5b4043a9184d3144c3c25, type: 3}
  m_Name: 
  m_EditorClassIdentifier: 
  discorverPattern: {fileID: 11400000, guid: 4d9772bfc9013f949afd13c5ff2c4fc9, type: 2}
  discoverSymbol: []
  isOnTrigger: 0
  isOnMouseDown: 1
  gameLogic: {fileID: 0}
